@Article{ungar2006,
  author = 	 {A. A. Ungar},
  title = 	 {Thomas precession: a kinematic effect of the algebra of {Einstein}'s velocity addition law.  {Comments} on `{Deriving} relativistic momentum and energy : {I}{I}.  {Three}-dimensional case'},
  journal = 	 {European Journal of Physics},
  year = 	 {2006},
  volume =	 {27},
  pages =	 {L17-L20}
  }

